<record><leader>00000cas a22000007a 4500</leader><controlfield tag="001">18120237</controlfield><controlfield tag="008">880622d19081910nduwr ne      0    0eng d</controlfield><datafield ind1=" " ind2=" " tag="010"><subfield code="a">sn 88076030 </subfield></datafield><datafield ind1=" " ind2=" " tag="040"><subfield code="a">NOP</subfield><subfield code="b">eng</subfield><subfield code="c">NOP</subfield><subfield code="d">OCLCQ</subfield></datafield><datafield ind1=" " ind2=" " tag="042"><subfield code="a">msc</subfield></datafield><datafield ind1="0" ind2="4" tag="245"><subfield code="a">The Dickinson post.</subfield></datafield><datafield ind1=" " ind2=" " tag="260"><subfield code="a">Dickinson, N.D. :</subfield><subfield code="b">Wilbur D. Kirkman</subfield></datafield><datafield ind1=" " ind2=" " tag="300"><subfield code="a">v. :</subfield><subfield code="b">ill.</subfield></datafield><datafield ind1=" " ind2=" " tag="310"><subfield code="a">Weekly</subfield></datafield><datafield ind1="0" ind2=" " tag="362"><subfield code="a">Vol. 3, no. 8 (Apr. 30, 1908)-v. 5, no. 42 (Dec. 30, 1910).</subfield></datafield><datafield ind1=" " ind2=" " tag="500"><subfield code="a">"Official paper for the City of Dickinson."</subfield></datafield><datafield ind1=" " ind2=" " tag="530"><subfield code="a">Available on microfilm from the State Historical Society of North Dakota.</subfield></datafield><datafield ind1=" " ind2=" " tag="752"><subfield code="a">United States</subfield><subfield code="b">North Dakota</subfield><subfield code="c">Stark</subfield><subfield code="d">Dickinson.</subfield></datafield><datafield ind1="0" ind2="0" tag="780"><subfield code="t">Post (Dickinson, N.D.)</subfield><subfield code="w">(DLC)sn 88076029</subfield></datafield><datafield ind1="0" ind2="7" tag="785"><subfield code="t">Dickinson recorder</subfield><subfield code="w">(DLC)sn 88076031</subfield></datafield><datafield ind1="0" ind2="7" tag="785"><subfield code="t">Recorder-post</subfield><subfield code="w">(DLC)sn 88076018</subfield></datafield></record>